 @book{fowler_1982, place={Santa Clara Ca.}, title={A generalization of the Golden Section}, publisher={éditeur non identifié}, author={Fowler, D. H.}, year={1982}} 
 
  @article{kiefer_1953, title={Sequential Minimax Search for a maximum}, volume={4}, DOI={10.1090/s0002-9939-1953-0055639-3}, number={3}, journal={Proceedings of the American Mathematical Society}, author={Kiefer, J.}, year={1953}, pages={502–506}} 
